@article{Shi2018,
author = {SHI, Yan and Chen, Shanzhi and XU, Xiang},
year = {2017},
month = {11},
pages = {1-1},
title = {MAGA: A Mobility-Aware Computation Offloading Decision for Distributed Mobile Cloud Computing},
volume = {PP},
journal = {IEEE Internet of Things Journal},
doi = {10.1109/JIOT.2017.2776252}
}

@article{Amokrane2015,
author = {Amokrane, Ahmed and Langar, Rami and Boutaba, Raouf and Pujolle, Guy},
year = {2015},
month = {12},
pages = {1-1},
title = {Flow-Based Management For Energy Efficient Campus Networks},
volume = {12},
journal = {IEEE Transactions on Network and Service Management},
doi = {10.1109/TNSM.2015.2501398}
}

@misc{Yang2014,
title={WAVEFORM DESIGN AND NETWORK SELECTION IN WIDEBAND SMALL CELL NETWORKS},
url={http://hdl.handle.net/1903/14834},
journal={Digital Repository at the University of Maryland},
publisher={University of Maryland (College Park, Md.)},
author={Yang, Yu-Han and Liu, K. J. Ray},
year={2014}, 
month={6}
}

@ARTICLE{Xiao2014,
author={M. {Xiao} and J. {Wu} and L. {Huang}},
journal={IEEE Transactions on Computers},
title={Community-Aware Opportunistic Routing in Mobile Social Networks},
year={2014},
volume={63},
number={7},
pages={1682-1695},
keywords={delay tolerant networks;mobile computing;social networking (online);telecommunication network routing;mobile social networks;delay tolerant network;mobile nodes;social-aware algorithms;distributed optimal community-aware opportunistic routing algorithm;home-aware community model;community homes;reverse Dijkstra algorithm;optimal opportunistic routing performance;Communities;Routing;Relays;Delays;Mobile communication;Mobile computing;Social network services;Community;delay tolerant networks;mobile social networks;opportunistic routing},
doi={10.1109/TC.2013.55},
ISSN={},
month={7}
}

@article{Baudic2016,
author = {Baudic, G. and PÃ©rennou, Tanguy and Lochin, Emmanuel},
year = {2016},
month = {05},
pages = {},
title = {Following the Right Path: Using Traces for the Study of DTNs},
volume = {88},
journal = {Computer Communications},
doi = {10.1016/j.comcom.2016.05.006}
}

@misc{Feng2012, title={State-of-the-Art Routing Protocols for Delay Tolerant Networks}, url={http://arxiv.org/pdf/1210.0965.p}, journal={Tech. Rep. WTL-TechReport-1-12}, publisher={School Elect. Comput. Telecommun. Eng. Univ. Wollongong}, author={Feng, Zhenxin and Chin, Kwan-Wu}, year={2012}, month={10}} 

@ARTICLE{Sun2016,
author={M. {Sun} and C. {Chu} and E. H. {Wu} and C. {Hsiao}},
journal={IEEE Sensors Journal},
title={Efficient Articulation Point Collaborative Exploration for Reliable Communications in Wireless Sensor Networks},
year={2016},
volume={16},
number={23},
pages={8578-8588},
keywords={wireless sensor networks;wireless sensor networks;articulation point collaborative exploration;exploration packets;Wireless sensor networks;Probes;Sensors;Collaboration;Computer network reliability;Reliability;Articulation points;reliable communications;wireless networks},
doi={10.1109/JSEN.2016.2611594},
ISSN={},
month={12},}

@article{Zhou2018,
author = {Zhou, Bowen and Dastjerdi, Amir and Calheiros, Rodrigo and Buyya, Rajkumar},
year = {2018},
month = {01},
pages = {1-25},
title = {An Online Algorithm for Task Offloading in Heterogeneous Mobile Clouds},
volume = {18},
journal = {ACM Transactions on Internet Technology},
doi = {10.1145/3122981}
}

@ARTICLE{Swain2017,
author={S. N. {Swain} and R. {Thakur} and S. R. M. {Chebiyyam}},
journal={IEEE Transactions on Mobile Computing},
title={Coverage and Rate Analysis for Facilitating Machine-to-Machine Communication in LTE-A Networks Using Device-to-Device Communication},
year={2017},
volume={16},
number={11},
pages={3014-3027},
keywords={3G mobile communication;graph theory;Internet;Long Term Evolution;machine-to-machine communication;stochastic processes;telecommunication network routing;telecommunication network topology;machine-to-machine communication;device-to-device communication;network coverage;source-destination machine pairs;multihop D2D communication;Machine Type Communication device;multihop D2D topology;3GPP LTE-A networks;Internet;source-destination machine pairs data routing;stochastic geometry;space-time graph;Device-to-device communication;Machine-to-machine communications;Spread spectrum communication;Cellular networks;Routing;Network topology;Long Term Evolution;Stochastic processes;LTE-A network;M2M communication;D2D communication;stochastic geometry;coverage;average rate;routing},
doi={10.1109/TMC.2017.2684162},
ISSN={},
month={11},}

@ARTICLE{Wei2013,
author={K. {Wei} and R. {Duan} and G. {Shi} and K. {Xu}},
journal={Journal of Communications and Networks},
title={Distribution of inter-contact time: An analysis-based on social relationships},
year={2013},
volume={15},
number={5},
pages={504-513},
keywords={delay tolerant networks;mobile computing;routing protocols;delay tolerant network;message transport;mobile node;node mobility characteristics;DTN routing protocol;social relationship;long time granularity;static social ties;density-based aggregation method;intercontact time distribution;power-law decay;Communities;Measurement;Heuristic algorithms;Detection algorithms;Routing protocols;Marine vehicles;Routing;DTNs;inter-contact time;mobility;social relationships},
doi={10.1109/JCN.2013.000090},
ISSN={},
month={10},}

@misc{aboutCrawdad2014, title={About CRAWDAD}, url={http://crawdad.org/about.html}, journal={CRAWDAD}, year={2014}} 